@BOOK{Erste:Hilfe:in:Linearer:Algebra,
	AUTHOR = "Oliver Deiser and Caroline Lasser",
	TITLE = "Erste Hilfe in Linearer Algebra",
	PUBLISHER = "Springer Spektrum",
	ADDRESS = "Berlin Heidelberg",
	YEAR = "2015"	}

@TECHREPORT{Kryptographie:und:Algorithmen,
	AUTHOR = "Prof. Dr. Frauke Sprengel",
	TITLE = "Kryptographie und Algorithmen",
	INSTITUTION = "Hochschule Hannover",
	YEAR = "2012"	}

@BOOK{Information:und:Kommunikation,
	AUTHOR = "Markus Hufschmid",
	TITLE = "Information und Kommunikation",
	PUBLISHER = "Teubner Verlag",
	ADDRESS = "Wiesbaden",
	YEAR = "2006"	}	

@BOOK{Kryptographie:und:IT-Sicherheit,
	AUTHOR = "Stephan Spitz and Michael Pramateftakis and Joachim Swoboda",
	TITLE = "Kryptographie und IT-Sicherheit",
	PUBLISHER = "Vieweg + Teubner Verlag and Springer Fachmedien",
	ADDRESS = "Wiesbaden",
	YEAR = "2011"	}
	
@BOOK{Algorithmische:Zahlentheorie,
	AUTHOR = "Otto Forster",
	TITLE = "Algorithmische Zahlentheorie",
	PUBLISHER = "Springer Fachmedien",
	ADDRESS = "Wiesbaden",
	YEAR = "2015"	}	

@BOOK{Kryptografie:in:Theorie:und:Praxis,
	AUTHOR = "Albrecht Beutelspacher and Heike B. Neumann and Thomas Schwarzpaul",
	TITLE = "Kryptografie in Theorie und Praxis",
	PUBLISHER = "Vieweg + Teubner and GWV Fachverlage GmbH",
	ADDRESS = "Wiesbaden",
	YEAR = "2010"	}

@MASTERSTHESIS{DLP:ECDLP:Probleme:und:Loesungen,
	AUTHOR = "Dirk Wallerstorfer",
	TITLE = "DLP ECDLP Probleme und Lösungen",
	SCHOOL = "Fachhochschul für Computer- und Mediensicherheit in Hagenberg",
	YEAR = "2006"	}